@article{smith2023,
  author = {Smith, John},
  title = {A Comprehensive Study on Artificial Intelligence},
  journal = {Journal of Computer Science},
  year = {2023},
  volume = {45},
  number = {3},
  pages = {201-215},
}

@book{jones2022,
  author = {Jones, Emily},
  title = {The History of Ancient Civilizations},
  publisher = {Academic Press},
  year = {2022},
  address = {New York},
  edition = {2nd},
  isbn = {978-0-12-345678-9},
}

@article{lee2023,
  author = {Lee, Sarah and Kim, David},
  title = {Advancements in Renewable Energy Technologies},
  journal = {Renewable Energy Reviews},
  year = {2023},
  volume = {78},
  number = {4},
  pages = {501-515},
}

@book{adams2021,
  author = {Adams, Michael},
  title = {The Art of Creative Writing},
  publisher = {Writer's Press},
  year = {2021},
  address = {London},
  isbn = {978-1-234567-89-0},
}

@article{wilson2023,
  author = {Wilson, Laura},
  title = {Recent Discoveries in Astrophysics},
  journal = {Astrophysical Journal},
  year = {2023},
  volume = {635},
  number = {2},
  pages = {315-328},
}

@book{martinez2022,
  author = {Martinez, Carlos},
  title = {The Economics of Globalization},
  publisher = {Harvard University Press},
  year = {2022},
  address = {Cambridge},
  isbn = {978-0-9876543-21-0},
}

@article{brown2023,
  author = {Brown, Jennifer and Clark, Robert},
  title = {The Impact of Climate Change on Biodiversity},
  journal = {Environmental Science Quarterly},
  year = {2023},
  volume = {22},
  number = {1},
  pages = {45-58},
}

@book{wright2021,
  author = {Wright, Susan},
  title = {Understanding Psychology: A Comprehensive Guide},
  publisher = {Oxford University Press},
  year = {2021},
  address = {Oxford},
  isbn = {978-0-876543-21-9},
}

@article{turner2023,
  author = {Turner, James and Parker, Elizabeth},
  title = {Recent Advances in Nanotechnology},
  journal = {Nano Letters},
  year = {2023},
  volume = {12},
  number = {5},
  pages = {601-612},
}

@book{phillips2022,
  author = {Phillips, Robert},
  title = {Ancient Mythology and Its Relevance Today},
  publisher = {Mythos Publications},
  year = {2022},
  address = {San Francisco},
  isbn = {978-0-56789-012-3},
}