@article{devlin2018bert,
	title={Bert: Pre-training of deep bidirectional transformers for language understanding},
	author={Devlin, Jacob and Chang, Ming-Wei and Lee, Kenton and Toutanova, Kristina},
	journal={Proceedings of the 2019 Conference of the North {A}merican Chapter of the Association for Computational Linguistics: Human Language Technologies, Volume 1 (Long and Short Papers)},
	year={2019}
}

@online{china2016thirteenfive,
	title={中华人民共和国国民经济和社会发展第十三个五年规划纲要},
	url={http://www.gov.cn/xinwen/2016-03/17/content_5054992.htm},
	author={中国政府网},
	urldate={2016-03-17},
	year={2016}
}

@inproceedings{yang2019xlnet,
	author = {Yang, Zhilin and Dai, Zihang and Yang, Yiming and Carbonell, Jaime and Salakhutdinov, Russ R and Le, Quoc V},
	booktitle = {Advances in Neural Information Processing Systems},
	editor = {H. Wallach and H. Larochelle and A. Beygelzimer and F. d\textquotesingle Alch\'{e}-Buc and E. Fox and R. Garnett},
	pages = {},
	publisher = {Curran Associates, Inc.},
	title = {XLNet: Generalized Autoregressive Pretraining for Language Understanding},
	url = {https://proceedings.neurips.cc/paper/2019/file/dc6a7e655d7e5840e66733e9ee67cc69-Paper.pdf},
	volume = {32},
	year = {2019}
}

@book{gut2013probability,
	title={Probability: a graduate course},
	author={Gut, Allan},
	volume={75},
	year={2013},
	publisher={Springer Science \& Business Media}
}

% vim:ts=4:sw=4